@ARTICLE{WikiNoSQL,
author = "Wikipédia",
title = "NoSQL",
journal = "Wikipédia  \url{http://fr.wikipedia.org/wiki/NoSQL}",
year = {Dernière modification le 2 février 2012}
}

@ARTICLE{NewSQL,
author = "Scriptol",
title = "NoSQL",
journal = "Scriptol  \url{http://www.scriptol.fr/programmation/nosql.php}",
year = {2011}
}

@ARTICLE{NoSQLCmp,
author = "Robert Rees",
title = "NoSQL, no problem: An introduction to NoSQL databases",
journal = "\url{http://www.thoughtworks.com/articles/nosql-comparison}",
}

@ARTICLE{NoSQLeurope, 
author = "Michaël Figuière",
title = "NoSQL Europe : Tour d’horizon des bases de données NoSQL",
journal = "\url{http://blog.xebia.fr/2010/04/21/nosql-europe-tour-dhorizon-des-bases-de-donnees-nosql/}",
year = " 21 avril 2010 ",
}

@ARTICLE{cassandra, 
author = "Marwan KHELIF",
title = "NoSQL : premiers pas avec Cassandra",
journal = "\url{http://www.mkhelif.fr/2010/10/01/nosql-premiers-pas-avec-cassandra.html}",
year = "2010 ",
}

@BOOK{motif3,
author = "Boris Vian",
title = "L'\'ecume des jours",
publisher = "Folio",
year = "1947",
} 